@book{fahrmeir2013regression,
  title={Regressionâ€“ Models, Methods and Applications},
  author={Fahrmeir, Ludwig and Kneib, Thomas and Lang, Stefan and Marx, Brian},
  year={2013},
  publisher={Springer: Berlin Heidelberg}
}
@phdthesis{kneib2006mixed,
  title={Mixed model based inference in structured additive regression},
  author={Kneib, Thomas},
  year={2006},
  school={Ludwig-Maximilians-Universit\"{a}t Munich}
}
@book{wood2017generalized,
  title={Generalized additive models: an introduction with R},
  author={Wood, Simon N},
  year={2017},
  publisher={Chapman and Hall/CRC}
}
@article{wood2011fast,
  title={Fast stable restricted maximum likelihood and marginal likelihood estimation of semiparametric generalized linear models},
  author={Wood, Simon N},
  journal={Journal of the Royal Statistical Society: Series B (Statistical Methodology)},
  volume={73},
  number={1},
  pages={3--36},
  year={2011},
  publisher={Wiley Online Library}
}






